@inproceedings{martin2011playing,
  title={Playing the game: Effective gender role analysis techniques for computer games},
  author={Martin, Derrick and Ellis, Kirsten},
  booktitle={Proceedings of the 23rd Australian Computer-Human Interaction Conference},
  pages={185--193},
  year={2011},
  organization={ACM}
}
@article{desai2016effects,
  title={Effects of Gender on Perception and Interpretation of Video Game Character Behavior and Emotion},
  author={Desai, Neesha and Zhao, Richard and Szafron, Duane},
  journal={IEEE Transactions on Computational Intelligence and AI in Games},
  year={2016},
  publisher={IEEE}
}
@article{heron2014sexism,
  title={Sexism in the circuitry: female participation in male-dominated popular computer culture},
  author={Heron, Michael James and Belford, Pauline and Goker, Ayse},
  journal={ACM SIGCAS Computers and Society},
  volume={44},
  number={4},
  pages={18--29},
  year={2014},
  publisher={ACM}
}
@inproceedings{waern2005hypersexual,
  title={Hypersexual avatars: who wants them?},
  author={Waern, Annika and Larsson, Anna and Ner{\'e}n, Carina},
  booktitle={Proceedings of the 2005 ACM SIGCHI International Conference on Advances in computer entertainment technology},
  pages={238--241},
  year={2005},
  organization={ACM}
}
@inproceedings{lekka2014computer,
  title={Computer games and ethical issues},
  author={Lekka, Aspa and Sakellariou, Maria},
  booktitle={Interactive Mobile Communication Technologies and Learning (IMCL), 2014 International Conference on},
  pages={342--343},
  year={2014},
  organization={IEEE}
}
@inproceedings{jenson2007girls,
  title={Girls playing games: rethinking stereotypes},
  author={Jenson, Jennifer and de Castell, Suzanne and Fisher, Stephanie},
  booktitle={Proceedings of the 2007 conference on Future Play},
  pages={9--16},
  year={2007},
  organization={ACM}
}
@inproceedings{bowey2017don,
  title={Don't Talk Dirty to Me: How Sexist Beliefs Affect Experience in Sexist Games},
  author={Bowey, Jason T and Depping, Ansgar E and Mandryk, Regan L},
  booktitle={Proceedings of the 2017 CHI Conference on Human Factors in Computing Systems},
  pages={1530--1543},
  year={2017},
  organization={ACM}
}
@inproceedings{smith2016understanding,
  title={Understanding the impact of QPOC representation in video games},
  author={Smith, Roger and Decker, Adrienne},
  booktitle={Research on Equity and Sustained Participation in Engineering, Computing, and Technology (RESPECT), 2016},
  pages={1--8},
  year={2016},
  organization={IEEE}
}
@inproceedings{genderrepresentation,
  title={Gender Representation in Video Games},
  author={Michele Zorrilla},
  websitetitle={Video Games and Gender},
  year={2011},
  url={http://www.radford.edu/~mzorrilla2/thesis/gamerepresentation.html}
}
@inproceedings{gamergate,
  title={Gamergate Controversy Fuels Debate On Women And Video Games},
  author={Nathan Rott},
  websitetitle={NPR.org},
  year={2014},
  url={https://www.npr.org/sections/alltechconsidered/2014/09/24/349835297/-gamergate-controversy-fuels-debate-on-women-and-video-games}
}
@inproceedings{venturebeat,
  title={The hypersexualization of women damages in-game storytelling},
  author={BITMOB},
  websitetitle={Venturebeat.com},
  year={2011},
  url={https://venturebeat.com/2011/02/08/there-are-no-strong-women-in-gaming-and-the-stories-are-suffering/}
}
@inproceedings{pbs,
  title={Study tracks 31-year history of female sexualization in video games},
  author={Lora Strum},
  websitetitle={PBS.ORG},
  year={2016},
  url={https://www.pbs.org/newshour/science/study-tracks-31-year-history-of-female-sexualization-in-video-games}
}
@inproceedings{bbc,
  title={Why does sexism persist in the video games industry?},
  author={Kim Gittleson},
  websitetitle={BBC News},
  year={2014},
  url={http://www.bbc.co.uk/news/technology-27824701}
}
@inproceedings{scavarelli2014cindr,
  title={Cindr: A proposed framework for ethical systems in video games},
  author={Scavarelli, Anthony and Arya, Ali},
  booktitle={Games Media Entertainment (GEM), 2014 IEEE},
  pages={1--5},
  year={2014},
  organization={IEEE}
}
@article{flick2016ask,
  title={Ask an ethicist: reflections on an engagement technique for industry},
  author={Flick, Catherine},
  journal={ACM SIGCAS Computers and Society},
  volume={45},
  number={3},
  pages={301--305},
  year={2016},
  publisher={ACM}
}
}
@inproceedings{stats,
  title={Beyond 50/50: Breaking Down The Percentage of Female Gamers by Genre},
  author={ Nick Yee},
  websitetitle={Quantic Foundary},
  year={2017},
  url={https://quanticfoundry.com/2017/01/19/female-gamers-by-genre}
}